<record><leader>00000cas a22000007a 4500</leader><controlfield tag="001">20258369</controlfield><controlfield tag="008">890825d19191920couwr ne      0    0eng d</controlfield><datafield ind1=" " ind2=" " tag="010"><subfield code="a">sn 89052251 </subfield></datafield><datafield ind1=" " ind2=" " tag="040"><subfield code="a">CNQ</subfield><subfield code="b">eng</subfield><subfield code="c">CNQ</subfield><subfield code="d">CRL</subfield><subfield code="d">OCLCQ</subfield></datafield><datafield ind1=" " ind2=" " tag="042"><subfield code="a">msc</subfield></datafield><datafield ind1="0" ind2="0" tag="245"><subfield code="a">Silverton miner.</subfield></datafield><datafield ind1=" " ind2=" " tag="260"><subfield code="a">Silverton, Colo. :</subfield><subfield code="b">Richard H. Brown</subfield></datafield><datafield ind1=" " ind2=" " tag="300"><subfield code="a">v.</subfield></datafield><datafield ind1=" " ind2=" " tag="310"><subfield code="a">Weekly</subfield></datafield><datafield ind1="0" ind2=" " tag="362"><subfield code="a">Vol. 43, no. 32 (Feb. 14, 1919)-</subfield></datafield><datafield ind1="1" ind2=" " tag="362"><subfield code="a">Ceased in 1920?</subfield></datafield><datafield ind1=" " ind2=" " tag="530"><subfield code="a">Available on microfilm from the Colorado Historical Society.</subfield></datafield><datafield ind1=" " ind2=" " tag="580"><subfield code="a">Absorbed by the Silverton standard in 1920?</subfield></datafield><datafield ind1=" " ind2=" " tag="752"><subfield code="a">United States</subfield><subfield code="b">Colorado</subfield><subfield code="c">San Juan</subfield><subfield code="d">Silverton.</subfield></datafield><datafield ind1="0" ind2="0" tag="780"><subfield code="t">Silverton weekly miner (Silverton, Colo. : 1897)</subfield><subfield code="w">(DLC)sn 89052250</subfield></datafield><datafield ind1="1" ind2="4" tag="785"><subfield code="t">Silverton standard</subfield><subfield code="w">(DLC)sn 82014446</subfield><subfield code="w">(OCoLC)8786537</subfield></datafield></record>